<?xml version="1.0" encoding="UTF-8"?><collection xmlns="http://www.loc.gov/MARC21/slim"><record><leader>00347nam--2200133-i-4500</leader><controlfield tag="001">000016107</controlfield><controlfield tag="002">20161230</controlfield><controlfield tag="005">20161230201031</controlfield><controlfield tag="008">060222s1000------------r-----000-0-eng-d</controlfield><datafield ind1=" " ind2=" " tag="080"><subfield code="a">621.382.3</subfield></datafield><datafield ind1=" " ind2=" " tag="100"><subfield code="a">Cooke Yarborough, E.H</subfield></datafield><datafield ind1=" " ind2=" " tag="245"><subfield code="a">An introduction to transistor circuits</subfield></datafield><datafield ind1=" " ind2=" " tag="260"><subfield code="a">New York, Interscience, 1957 Xii + 154 P</subfield></datafield><datafield ind1=" " ind2=" " tag="852"><subfield code="a">13439</subfield></datafield></record></collection>